<collection xmlns="http://www.loc.gov/MARC21/slim"><record><leader>00862nam  2200289   450</leader><controlfield tag="001">607</controlfield><controlfield tag="003">http://montalegre.opacnet.com/OPAC/default.aspx?ContentAreaControl=ShowRegHoldings.ascx&amp;RegNo=16662</controlfield><controlfield tag="005">20</controlfield><datafield tag="010" ind1=" " ind2=" "><subfield code="a">972-41-0219-X</subfield></datafield><datafield tag="021" ind1=" " ind2=" "><subfield code="a">PT</subfield><subfield code="b">40431/90</subfield></datafield><datafield tag="095" ind1=" " ind2=" "><subfield code="a">PTBN00361163</subfield></datafield><datafield tag="100" ind1=" " ind2=" "><subfield code="a">19920422d1991    c  y0pory010305  ba</subfield></datafield><datafield tag="101" ind1="0" ind2=" "><subfield code="a">por</subfield></datafield><datafield tag="102" ind1=" " ind2=" "><subfield code="a">PT</subfield></datafield><datafield tag="105" ind1=" " ind2=" "><subfield code="a">a   z   000fy</subfield></datafield><datafield tag="106" ind1=" " ind2=" "><subfield code="a">r</subfield></datafield><datafield tag="200" ind1="1" ind2=" "><subfield code="a">Contos amarantinos</subfield><subfield code="f">Agustina Bessa Luís</subfield><subfield code="g">il. Manuela Barcelar</subfield></datafield><datafield tag="205" ind1=" " ind2=" "><subfield code="a">3ª ed</subfield></datafield><datafield tag="210" ind1=" " ind2=" "><subfield code="a">Porto</subfield><subfield code="c">Asa</subfield><subfield code="d">1991</subfield></datafield><datafield tag="215" ind1=" " ind2=" "><subfield code="a">24 p.</subfield><subfield code="c">il.</subfield><subfield code="d">21 cm</subfield></datafield><datafield tag="225" ind1="2" ind2=" "><subfield code="a">Asa juvenil</subfield><subfield code="v">36</subfield></datafield><datafield tag="675" ind1=" " ind2=" "><subfield code="a">087.5</subfield><subfield code="v">BN</subfield><subfield code="z">por</subfield></datafield><datafield tag="700" ind1=" " ind2="1"><subfield code="a">Bessa-Luís</subfield><subfield code="b">Agustina</subfield><subfield code="f">1922-</subfield></datafield><datafield tag="702" ind1=" " ind2="1"><subfield code="a">Bacelar</subfield><subfield code="b">Manuela</subfield><subfield code="f">1943-</subfield><subfield code="4">440</subfield></datafield><datafield tag="801" ind1=" " ind2="0"><subfield code="a">PT</subfield><subfield code="b">Biblioteca Municipal de Montalegre</subfield><subfield code="g">RPC</subfield></datafield><datafield tag="856" ind1=" " ind2=" "><subfield code="u">locateMedia.asp?cod=20060522154531&amp;ext=jpg</subfield><subfield code="z">CAPA</subfield></datafield><datafield tag="909" ind1="&#9;" ind2=" "><subfield code="a">2</subfield></datafield><datafield tag="966" ind1=" " ind2=" "><subfield code="a">0001015</subfield><subfield code="l">BMM</subfield><subfield code="s">SI 82-34 BES con 36</subfield></datafield><datafield tag="966" ind1=" " ind2=" "><subfield code="a">1003396</subfield><subfield code="l">BEM</subfield><subfield code="s">BEM 82-34 BES</subfield></datafield></record></collection>